<record><leader>00000cas a22000007a 4500</leader><controlfield tag="001">12854428</controlfield><controlfield tag="008">851127c19779999txucr ne      0   a0eng d</controlfield><datafield ind1=" " ind2=" " tag="010"><subfield code="a">sn 88083852 </subfield></datafield><datafield ind1=" " ind2=" " tag="040"><subfield code="a">TAI</subfield><subfield code="b">eng</subfield><subfield code="c">TAI</subfield><subfield code="d">PPM</subfield><subfield code="d">OCLCQ</subfield><subfield code="d">OCLCF</subfield><subfield code="d">OCLCO</subfield></datafield><datafield ind1="1" ind2=" " tag="029"><subfield code="a">AU@</subfield><subfield code="b">000025805238</subfield></datafield><datafield ind1=" " ind2=" " tag="042"><subfield code="a">msc</subfield></datafield><datafield ind1=" " ind2=" " tag="043"><subfield code="a">n-us-tx</subfield></datafield><datafield ind1="0" ind2="0" tag="245"><subfield code="a">Kingsville record and Bishop news.</subfield></datafield><datafield ind1="1" ind2="3" tag="246"><subfield code="a">Kingsville record</subfield></datafield><datafield ind1=" " ind2=" " tag="260"><subfield code="a">Kingsville, Tex. :</subfield><subfield code="b">Kingsville Pub. Co.,</subfield><subfield code="c">1977-</subfield></datafield><datafield ind1=" " ind2=" " tag="300"><subfield code="a">v. :</subfield><subfield code="b">ill. ;</subfield><subfield code="c">58 cm.</subfield></datafield><datafield ind1=" " ind2=" " tag="310"><subfield code="a">Semiweekly</subfield></datafield><datafield ind1="0" ind2=" " tag="362"><subfield code="a">69th year, no. 56 (Jan. 12, l977)-</subfield></datafield><datafield ind1=" " ind2=" " tag="515"><subfield code="a">Issues for Mar. 13, 1977-July 30, 1980 called vol. 69, no. 73-vol. 73, no. 9; issues for Aug. 3, l980- called vol. 74, no. 10-</subfield></datafield><datafield ind1=" " ind2="0" tag="650"><subfield code="a">American newspapers</subfield><subfield code="z">Texas</subfield><subfield code="z">Kingsville.</subfield></datafield><datafield ind1=" " ind2="7" tag="650"><subfield code="a">American newspapers.</subfield><subfield code="2">fast</subfield><subfield code="0">(OCoLC)fst00807293</subfield></datafield><datafield ind1=" " ind2="7" tag="651"><subfield code="a">Texas</subfield><subfield code="z">Kingsville.</subfield><subfield code="2">fast</subfield><subfield code="0">(OCoLC)fst01205335</subfield></datafield><datafield ind1="2" ind2=" " tag="710"><subfield code="a">Kingsville Publishing Company.</subfield></datafield><datafield ind1=" " ind2=" " tag="752"><subfield code="a">United States</subfield><subfield code="b">Texas</subfield><subfield code="c">Kleberg</subfield><subfield code="d">Kingsville.</subfield></datafield><datafield ind1=" " ind2=" " tag="752"><subfield code="a">United States</subfield><subfield code="b">Texas</subfield><subfield code="c">Nueces</subfield><subfield code="d">Bishop.</subfield></datafield><datafield ind1="0" ind2="0" tag="780"><subfield code="t">Kingsville-Bishop record-news</subfield></datafield></record>